
@online{ecfuni,
    author = "Sheffield, U",
    title = "Extenuating Circumstances Form: Explanatory Notes - Forms - SSiD - The University of Sheffield",
    year = "2018",
    note = "Accessed: 01.10.2018",
    howpublished={\url{https://www.sheffield.ac.uk/ssid/forms/circsnotes}},

}

@online{djangovslaravel,
    author = "Cabotsolutions",
    title = "Django vs Laravel: A Comparison of Web Application Frameworks",
    year = "2018",
    note = "Accessed: 01.10.2018",
    howpublished={\url{https://www.cabotsolutions.com/django-vs-laravel-a-comparison-of-web-application-frameworks }},

}

@online{securelanguage,
    author = "Upguard",
    title = "Which Web Programming Language Is The Most Secure?",
    year = "2018",
    note = "Accessed: 01.10.2018",
    howpublished={\url{https://www.upguard.com/blog/which-web-programming-language-is-the-most-secure}},

}

@online{django,
    author = "Django",
    title = "The web framework for perfectionists",
    year = "2018",
    note = "Accessed: 01.11.2018",
    howpublished={\url{https://www.djangoproject.com/}},

}





 